@misc{concrete_ml,
  author = {Analytics Vidhya},
  title = {Concrete Strength Prediction Using Machine Learning with Python Code},
  year = {2021},
  url = {https://www.analyticsvidhya.com/blog/2021/04/concrete-strength-prediction-using-machine-learning-with-python-code/}
}

@misc{scada_miner,
  title = {SCADA Miner: Wind Farm Data Analysis},
  author = {{SCADA Miner}},
  year = {2023},
  url = {https://www.scadaminer.com},
  note = {Accessed: 2025-03-05}
}

@misc{phd1992,
  author    = {Author Name},
  title     = {Document Title},
  year      = {1992},
  url       = {https://www.phd.eng.br/wp-content/uploads/2015/12/en.1992.1.1.2004.pdf},
  note      = {Accessed: 2025-03-07}
}

@techreport{dnv_rp_0573,
  title = {DNV-RP-0573: Evaluation of Erosion and Delamination for Leading Edge Protection Systems},
  author = {{DNV}},
  institution = {DNV},
  year = {2020},
  url = {https://www.dnv.com/energy/standards-guidelines/dnv-rp-0573}
}

@phdthesis{cranfield_cfd,
  author = {J. Doe},
  title = {Wake Characterisation and Simulation for Ground Vehicles},
  school = {Cranfield University},
  year = {2020},
  url = {https://dspace.lib.cranfield.ac.uk/handle/1826/15979}
}

@inproceedings{phm_blade,
  title = {Lifetime Prediction of Wind Turbine Blades Using Degradation Models},
  author = {Rosmawati Jihin and Others},
  booktitle = {Proceedings of the PHM Society Conference},
  year = {2018},
  url = {https://papers.phmsociety.org/index.php/phme/article/view/411}
}

@techreport{grid_analysis,
  title = {Analysis of Load Match and Grid Interaction Indicators},
  author = {{IEA}},
  institution = {International Energy Agency},
  year = {2017},
  url = {https://nachhaltigwirtschaften.at/resources/iea_pdf/endbericht_201417_iea_shc_task40_ebc_annex_52_anhang05.pdf}
}

@misc{iea_task43,
  title = {IEA Wind Task 43: Wind Energy Digitalization},
  author = {{IEA Wind}},
  year = {2023},
  url = {https://iea-wind.org/task43/}
}

@techreport{nrel_adaptive,
  title = {Adaptive Torque Control of Variable Speed Wind Turbines},
  author = {Johnson, K.E. and Others},
  institution = {NREL},
  year = {2004},
  url = {https://www.nrel.gov/docs/fy04osti/36265.pdf}
}

@misc{springer_ml,
  title = {Machine Learning Publications},
  author = {{Springer Nature}},
  year = {2023},
  url = {https://www.springernature.com/gp/products/corporate-health/machine-learning}
}
@article{pmc_bayesian,
  title={Bayesian communication: A clinically significant paradigm for electronic publication},
  author={Sittig, Dean F and Factor, Matthew},
  journal={Journal of the American Medical Informatics Association},
  volume={7},
  number={3},
  pages={254--263},
  year={2000},
  publisher={Oxford University Press}
}

@article{rspa_warnings,
  title={On the use of Bayesian decision theory for issuing natural hazard warnings},
  author={Katz, Richard W},
  journal={Proceedings of the Royal Society A: Mathematical, Physical and Engineering Sciences},
  volume={472},
  number={2195},
  pages={20160295},
  year={2016},
  publisher={The Royal Society}
}

@article{arxiv_longtailed,
  title={Long-tailed classification from a Bayesian-decision-theory perspective},
  author={Li, Bolian and Hou, Yifan and Che, Zhengping and Liu, Tongliang},
  journal={arXiv preprint arXiv:2303.06075},
  year={2023}
}

@misc{google_bayes,
  title={Bayesian inference in Meridian},
  author={Google Developers},
  year={2024},
  url={https://developers.google.com/meridian/docs/basics/bayesian-inference}
}
